<record><leader>00000cas a22000007a 4500</leader><controlfield tag="001">13345583</controlfield><controlfield tag="008">860326d1852189utxuwr ne      0    0eng  </controlfield><datafield ind1=" " ind2=" " tag="010"><subfield code="a">sn 86071242 </subfield></datafield><datafield ind1=" " ind2=" " tag="040"><subfield code="a">DLC</subfield><subfield code="b">eng</subfield><subfield code="c">DLC</subfield><subfield code="d">PPM</subfield><subfield code="d">DLC</subfield><subfield code="d">OCLCQ</subfield><subfield code="d">CUS</subfield></datafield><datafield ind1=" " ind2=" " tag="042"><subfield code="a">msc</subfield></datafield><datafield ind1=" " ind2=" " tag="043"><subfield code="a">n-us-tx</subfield></datafield><datafield ind1="0" ind2="0" tag="050"><subfield code="a">Newspaper</subfield></datafield><datafield ind1="1" ind2="4" tag="050"><subfield code="a">AN</subfield></datafield><datafield ind1="0" ind2="0" tag="245"><subfield code="a">Nacogdoches chronicle.</subfield></datafield><datafield ind1=" " ind2=" " tag="260"><subfield code="a">Nacogdoches, Tex. :</subfield><subfield code="b">N.J. Moore &amp; J.C. Harrison</subfield></datafield><datafield ind1=" " ind2=" " tag="300"><subfield code="a">v. :</subfield><subfield code="b">ill. (chiefly advertisements) ;</subfield><subfield code="c">61 cm.</subfield></datafield><datafield ind1=" " ind2=" " tag="310"><subfield code="a">Weekly</subfield></datafield><datafield ind1="1" ind2=" " tag="362"><subfield code="a">Began in 1852.</subfield></datafield><datafield ind1=" " ind2=" " tag="500"><subfield code="a">"Official journal for publishing the laws of the United States."</subfield></datafield><datafield ind1=" " ind2=" " tag="500"><subfield code="a">Publication suspended from 1869-1889?</subfield></datafield><datafield ind1=" " ind2=" " tag="515"><subfield code="a">Renumbers with resumption of publication: New Series Vol. 3, no. 16 (Apr. 20, 1892).</subfield></datafield><datafield ind1=" " ind2=" " tag="580"><subfield code="a">Also published in a campaign ed. called: Campaign chronicle.</subfield></datafield><datafield ind1=" " ind2=" " tag="588"><subfield code="a">Description based on: Vol. 1, no. 3 (Mar. 13, 1852).</subfield></datafield><datafield ind1=" " ind2=" " tag="752"><subfield code="a">United States</subfield><subfield code="b">Texas</subfield><subfield code="c">Nacogdoches</subfield><subfield code="d">Nacogdoches.</subfield></datafield><datafield ind1="1" ind2=" " tag="775"><subfield code="t">Campaign chronicle</subfield></datafield><datafield ind1="4" ind2="1" tag="856"><subfield code="3">08/07/1852 to 10/17/1854</subfield><subfield code="u">http://infoweb.newsbank.com/?db=EANX&amp;s_browseRef=decades/10F19E1DE14E1F80/all.xml</subfield></datafield><datafield ind1="1" ind2=" " tag="029"><subfield code="a">AU@</subfield><subfield code="b">000026225917</subfield></datafield></record>